@mastersthesis{gao2006adaptive,
  author         = {Yang Gao},
  title          = {Adaptive Fuzzy Control of Nonlinear Systems / Commande Floue Adaptative de Systèmes Non Linéaires},
  school         = {Université de Sherbrooke},
  department     = {Département de génie électrique et génie informatique},
  type           = {Mémoire de maîtrise es sciences appliquées},
  specialization = {Génie électrique et génie informatique},
  address        = {Sherbrooke, Québec, Canada},
  month          = {October},
  year           = {2006}
}
